% !TeX encoding = UTF-8
% !TeX spellcheck = zh_CN

% 数学·七年级上·人教2012版
@book{
	Sx7sPep2007,
	editor    = {人民教育出版社·课程教材研究所·中学数学课程教材研究开发中心},
	title     = {义务教育教科书·数学·七年级·上册},
	address   = {北京},
	publisher = {人民教育出版社},
	date      = {2012-06},
	url       = {https://zxkeben.szxuexiao.com/html/378.html}
}

% 数学·七年级下·人教2007版
@book{
	Sx7xPep2007,
	editor    = {课程教材研究所·中学数学课程教材研究开发中心},
	title     = {义务教育课程标准实验教科书·数学·七年级·下册},
	edition   = {第2版},
	address   = {北京},
	publisher = {人民教育出版社},
	date      = {2007},
	url       = {https://zxkeben.szxuexiao.com/html/385.html}
}

% 数学·八年级上·人教2008版
@book{
	Sx8sPep2008,
	editor    = {课程教材研究所·中学数学课程教材研究开发中心},
	title     = {义务教育课程标准实验教科书·数学·八年级·上册},
	edition   = {第2版},
	address   = {北京},
	publisher = {人民教育出版社},
	date      = {2008-03},
	url       = {https://zxkeben.szxuexiao.com/html/445.html}
}

% 数学·八年级下·人教2008版
@book{
	Sx8xPep2008,
	editor    = {课程教材研究所·中学数学课程教材研究开发中心},
	title     = {义务教育课程标准实验教科书·数学·八年级·下册},
	edition   = {第2版},
	address   = {北京},
	publisher = {人民教育出版社},
	date      = {2008-06},
	url       = {https://zxkeben.szxuexiao.com/html/496.html}
}

% 数学·九年级上·人教2009版
@book{
	Sx9sPep2009,
	editor    = {课程教材研究所·中学数学课程教材研究开发中心},
	title     = {义务教育课程标准实验教科书·数学·九年级·上册},
	edition   = {第2版},
	address   = {北京},
	publisher = {人民教育出版社},
	date      = {2009-03},
	url       = {https://zxkeben.szxuexiao.com/html/546.html}
}

% 数学·九年级下·人教2009版
@book{
	Sx9xPep2009,
	editor    = {课程教材研究所·中学数学课程教材研究开发中心},
	title     = {义务教育课程标准实验教科书·数学·九年级·下册},
	edition   = {第2版},
	address   = {北京},
	publisher = {人民教育出版社},
	date      = {2009-03},
	url       = {https://zxkeben.szxuexiao.com/html/611.html}
}

% 数学·十年级上·人教2003版
@book{
	Sx10sPep2003,
	editor    = {人民教育出版社中学数学室},
	title     = {全日制普通高级中学教科书（必修）·数学·第一册（上）},
	address   = {北京},
	publisher = {人民教育出版社},
	date      = {2003-06},
	url       = {https://vdisk.weibo.com/s/qtwsk9s_EzuuT}
}

@book{
	TongjiMath2007,
	editor    = {同济大学数学系},
	title     = {高等数学},
	edition   = {第六版},
	address   = {北京},
	publisher = {高等教育出版社},
	date      = {2007},
	url       = {http://dxsx.net/article.php?type=49}
}

@book{
	TongjiMath2014,
	editor    = {同济大学数学系},
	title     = {高等数学},
	edition   = {第七版},
	address   = {北京},
	publisher = {高等教育出版社},
	date      = {2014},
	url       = {http://dxsx.net/article.php?type=216}
}

@book{
	Enderton2006,
	author    = {Herbert B. Enderton},
	title     = {集合论基础},
	address   = {北京},
	publisher = {人民邮电出版社},
	date      = {2006-04}
}

@book{
	WangFt1995,
	author    = {汪芳庭},
	title     = {公理集论},
	address   = {合肥},
	publisher = {中国科学技术大学出版社},
	date      = {1995-01}
}

@book{
	WangFt2001,
	author    = {汪芳庭},
	title     = {数学基础},
	address   = {北京},
	publisher = {科学出版社},
	date      = {2001-07}
}

@manual{
	amsfonts,
	title = {User's Guide to AMSFonts},
	url   = {http://mirrors.ctan.org/fonts/amsfonts/doc/amsfndoc.pdf}
}

@manual{
	amsmath,
	title        = {User's Guide for the \textsf{amsmath} Package},
	organization = {American Mathematical Society, \LaTeX{}3 Project},
	url          = {http://mirrors.ctan.org/macros/latex/required/amsmath/amsldoc.pdf}
}

@manual{
	amsthm,
	edition = {Publications Technical Group	American Mathematical Society},
	title   = {Using the \texttt{amsthm} Package},
	url     = {http://mirrors.ctan.org/macros/latex/required/amscls/doc/amsthdoc.pdf}
	
}

@manual{
	biblatex-gb7714-2015,
	author     = {胡振震},
	title      = {符合 GB/T 7714-2015 标准的 biblatex 参考文献样式},
	url        = {http://mirrors.ctan.org/macros/latex/contrib/biblatex-contrib/biblatex-gb7714-2015/biblatex-gb7714-2015.pdf}
}

@manual{
	color,
	author = {D. P. Carlisle},
	title  = {The \textsf{color} package},
	url    = {http://mirrors.ctan.org/macros/latex/required/graphics/color.pdf}
}

@manual{
	hyperref,
	author = {Sebastian Rahtz and Heiko Oberdiek},
	title  = {Hypertext marks in \LaTeX{}: a manual for \textsf{hyperref}},
	url    = {http://mirrors.ctan.org/macros/latex/contrib/hyperref/doc/manual.pdf}
}

@manual{
	lshort,
	author     = {Tobias Oetiker and Hubert Partl and Irene Hyna and Elisabeth Schlegl},
	title      = {一份（不太）简短的 \LaTeXe 介绍},
	translator = {C\TeX{}开发小组},
	url        = {http://mirrors.ctan.org/info/lshort/chinese/lshort-zh-cn.pdf}
}

@manual{
	mathtools,
	author = {Morten Høgholm and Lars Madsen},
	title = {The \textsf{mathtools} package},
	url = {http://mirrors.ctan.org/macros/latex/contrib/mathtools/mathtools.pdf}
}

@manual{
	multicol,
	author = {Frank Mittelbach},
	title = {An environment for multicolumn output},
	url = {http://mirrors.ctan.org/macros/latex/required/tools/multicol.pdf}
}

@manual{
	symbols,
	author = {Scott Pakin},
	title  = {The Comprehensive \LaTeX{} Symbol List},
	url    = {http://mirrors.ctan.org/info/symbols/comprehensive/symbols-letter.pdf}
}

@manual{
	xcolor,
	author = {Dr. Uwe Kern},
	title  = {Extending \LaTeX{}'s color facilities: the \textsf{xcolor} package},
	url    = {http://mirrors.ctan.org/macros/latex/contrib/xcolor/xcolor.pdf}
}

@standard{
	GB/T-7714-2015,
	editor    = {全国信息与文献标准化技术委员会},
	title     = {信息与文献·参考文献著录规则：GB/T 7714—2015},
	address   = {北京},
	publisher = {中国标准出版社},
	date      = {2015}
}

@www{
	CTeX-LaTeX,
	title        = {LaTeX 文档},
	organization = {C\TeX},
	url          = {http://ctex.org/OnlineDocuments}
}

@www{
	Detexify,
	title = {Detexify LaTeX handwritten symbol recognition},
	url   = {http://detexify.kirelabs.org/classify.html}
}

@www{
	Wikibooks-LaTeX,
	title        = {LaTeX},
	organization = {Wikibooks},
	url          = {https://wikibooks.org/wiki/LaTeX}
}
